@article{fisher2013cancer, 	
	title={Cancer heterogeneity: implications for targeted therapeutics}, 	
	author={Fisher, Rosie and Pusztai, Lazos and Swanton, C}, 	
	journal={British journal of cancer}, 	
	volume={108}, 	
	number={3}, 	
	pages={479--485}, 	
	year={2013}, 	
	publisher={Nature Publishing Group} 
}

@article{sun2015intra, 	
	title={Intra-tumor heterogeneity of cancer cells and its implications for cancer treatment}, 	
	author={Sun, Xiao-xiao and Yu, Qiang}, 	
	journal={Acta Pharmacologica Sinica}, 	
	volume={36}, 	
	number={10}, 	
	pages={1219--1227}, 	
	year={2015}, 	
	publisher={Nature Publishing Group} 
}

@article{alberts2002molecular, 	
	title={Molecular biology of the cell 4th edition}, 	
	author={Alberts, Bruce and Johnson, Alexander and Lewis, Julian and Raff, Martin and Roberts, Keith and Walter, Peter}, 	
	journal={New York: Garland Science}, 	
	volume={1463}, 	
	year={2002} 
}

@article{mccarroll2007copy, 	
	title={Copy-number variation and association studies of human disease}, 	
	author={McCarroll, Steven A and Altshuler, David M}, 	
	journal={Nature genetics}, 	
	volume={39}, 	
	number={7}, 	
	pages={S37--S42}, 	
	year={2007}, 	
	publisher={Nature Publishing Group} 
}

@article{sharp2005segmental, 	
	title={Segmental duplications and copy-number variation in the human genome}, 	
	author={Sharp, Andrew J and Locke, Devin P and McGrath, Sean D and Cheng, Ze and Bailey, Jeffrey A and Vallente, Rhea U and Pertz, Lisa M and Clark, Royden A and Schwartz, Stuart and Segraves, Rick and others}, 	
	journal={The American Journal of Human Genetics}, 	
	volume={77}, 	
	number={1}, 	
	pages={78--88}, 	
	year={2005}, 	
	publisher={Elsevier} 
}

@misc{somaticMutation, 	
	title = { NCI Dictionary of Cancer Terms: somatic mutation definition}, 	
	howpublished = {\url{ https://www.cancer.gov/publications/dictionaries/cancer-terms/def/somatic-mutation?redirect=true}} 
}

@article{nowell1976clonal, 	
	title={The clonal evolution of tumor cell populations}, 	
	author={Nowell, Peter C}, 	
	journal={Science}, 	
	volume={194}, 	
	number={4260}, 	
	pages={23--28}, 	
	year={1976}, 	
	publisher={American Association for the Advancement of Science} 
}

@article{birbrair2014type, 	
	title={Type-2 pericytes participate in normal and tumoral angiogenesis}, 	
	author={Birbrair, Alexander and Zhang, Tan and Wang, Zhong-Min and Messi, Maria Laura and Olson, John D and Mintz, Akiva and Delbono, Osvaldo}, 	
	journal={American Journal of Physiology-Cell Physiology}, 	
	volume={307}, 	
	number={1}, 	
	pages={C25--C38}, 	
	year={2014}, 	
	publisher={American Physiological Society Bethesda, MD} 
}

@misc{ genomes and exomes, 	
	title = { prenatal assessment of genomes and exomes }, 	
	howpublished = {\url{ https://www.pageuk.org/parents/genome.html}} 
}

@article{korbel2007paired, 	
	title={Paired-end mapping reveals extensive structural variation in the human genome}, 	
	author={Korbel, Jan O and Urban, Alexander Eckehart and Affourtit, Jason P and Godwin, Brian and Grubert, Fabian and Simons, Jan Fredrik and Kim, Philip M and Palejev, Dean and Carriero, Nicholas J and Du, Lei and others}, 	
	journal={Science}, 	
	volume={318}, 	
	number={5849}, 	
	pages={420--426}, 	
	year={2007}, 	
	publisher={American Association for the Advancement of Science} 
}

@article{article, 	
	author = {Petit, Jordi}, 	
	year = {2009}, 	
	month = {02}, 	
	pages = {47â€“51}, 	
	title = {Algorithms and Data Structures: The Basic Toolbox, Kurt Mehlhorn, Peter Sanders (Eds.). Springer, Berlin, Heidelberg (2008), 300 pages, ISBN: 978-3-540-77977-3}, 	
	volume = {3}, 	
	journal = {Computer Science Review}, 	
	doi = {10.1016/j.cosrev.2009.01.001} 
}

@misc{weisstein2004mathworld, 	
	title={Mathworld--a wolfram web resource}, 	
	author={Weisstein, Eric W and others}, 	
	year={2004} 
}

@article{prufer1918neuer, 	
	title={Neuer beweis eines satzes {\"u}ber permutationen}, 	
	author={Pr{\"u}fer, Heinz}, 	
	journal={Arch. Math. Phys}, 	
	volume={27}, 	
	number={1918}, 	
	pages={742--744}, 	
	year={1918} 
}

@article{kajimoto2003extension, 	
	title={An extension of the pr{\"u}fer code and assembly of connected graphs from their blocks}, 	
	author={Kajimoto, Hiroshi}, 	
	journal={Graphs and Combinatorics}, 	
	volume={19}, 	
	number={2}, 	
	pages={231--239}, 	
	year={2003}, 	
	publisher={Springer} 
}

@article{husic2019mipup, 	
	title={MIPUP: minimum perfect unmixed phylogenies for multi-sampled tumors via branchings and ILP}, 	
	author={Husi{\'c}, Edin and Li, Xinyue and Hujdurovi{\'c}, Ademir and Mehine, Miika and Rizzi, Romeo and M{\"a}kinen, Veli and Milani{\v{c}}, Martin and Tomescu, Alexandru I}, 	
	journal={Bioinformatics}, 	
	volume={35}, 	
	number={5}, 	
	pages={769--777}, 	
	year={2019}, 	
	publisher={Oxford University Press} 
}

@article{popic2015fast, 	
	title={Fast and scalable inference of multi-sample cancer lineages}, 	
	author={Popic, Victoria and Salari, Raheleh and Hajirasouliha, Iman and Kashef-Haghighi, Dorna and West, Robert B and Batzoglou, Serafim}, 	
	journal={Genome biology}, 	
	volume={16}, 	
	number={1}, 	
	pages={1--17}, 	
	year={2015}, 	
	publisher={Springer} 
}

@article{el2015reconstruction, 	
	title={Reconstruction of clonal trees and tumor composition from multi-sample sequencing data}, 	
	author={El-Kebir, Mohammed and Oesper, Layla and Acheson-Field, Hannah and Raphael, Benjamin J}, 	
	journal={Bioinformatics}, 	
	volume={31}, 	
	number={12}, 	
	pages={i62--i70}, 	
	year={2015}, 	
	publisher={Oxford University Press} 
}

@article{malikic2015clonality, 	
	title={Clonality inference in multiple tumor samples using phylogeny}, 	
	author={Malikic, Salem and McPherson, Andrew W and Donmez, Nilgun and Sahinalp, Cenk S}, 	
	journal={Bioinformatics}, 	
	volume={31}, 	
	number={9}, 	
	pages={1349--1356}, 	
	year={2015}, 	
	publisher={Oxford University Press} 
}

@article{reiter2016reconstructing, 	
	title={Reconstructing phylogenies of metastatic cancers}, 	
	author={Reiter, Johannes G and Makohon-Moore, Alvin P and Gerold, Jeffrey M and Bozic, Ivana and Chatterjee, Krishnendu and Iacobuzio-Donahue, Christine A and Vogelstein, Bert and Nowak, Martin A}, 	
	journal={bioRxiv}, 	
	pages={048157}, 	
	year={2016}, 	
	publisher={Cold Spring Harbor Laboratory} 
}

@article{birbrair2014type, 	
	title={Type-2 pericytes participate in normal and tumoral angiogenesis}, 	
	author={Birbrair, Alexander and Zhang, Tan and Wang, Zhong-Min and Messi, Maria Laura and Olson, John D and Mintz, Akiva and Delbono, Osvaldo}, 	
	journal={American Journal of Physiology-Cell Physiology}, 	
	volume={307}, 	
	number={1}, 	
	pages={C25--C38}, 	
	year={2014}, 	
	publisher={American Physiological Society Bethesda, MD} 
}

@article{neoplasms, 	
	title={II Neoplasms}, 	
	year={19 June 2014}, 	
	publisher={World Health Organization} 
}

@article{neoplasia, 	
	title={Neoplasia I}, 	
	author={ Abrams, Gerald }, 	
	year={23 January 2012}, 	
	publisher={World Health Organization} 
}

@article{canceractivity1, 	
	title={Cancer - Activity 1 - Glossary},
	pages={page 4 of 5},
	year={2008}, 	
	publisher={World Health Organization} 
}

@article{handa2011redox, 	
	title={Redox biology and gastric carcinogenesis: the role of Helicobacter pylori}, 	
	author={Handa, Osamu and Naito, Yuji and Yoshikawa, Toshikazu}, 	
	journal={Redox Report}, 	
	volume={16}, 	
	number={1}, 	
	pages={1--7}, 	
	year={2011}, 	
	publisher={Taylor \& Francis} 
}

@article{halford2005o6, 	
	title={O6-methylguanine methyltransferase in colorectal cancers: detection of mutations, loss of expression, and weak association with G: C> A: T transitions}, 	
	author={Halford, S and Rowan, A and Sawyer, E and Talbot, I and Tomlinson, Ian}, 	
	journal={Gut}, 	
	volume={54}, 	
	number={6}, 	
	pages={797--802}, 	
	year={2005}, 	
	publisher={BMJ Publishing Group} 
}

@article{lee2011promoter, 	
	title={Promoter methylation status of hMLH1, hMSH2, and MGMT genes in colorectal cancer associated with adenoma--carcinoma sequence}, 	
	author={Lee, Kyung-Hwa and Lee, Ji-Shin and Nam, Jong-Hee and Choi, Chan and Lee, Min-Cheol and Park, Chang-Soo and Juhng, Sang-Woo and Lee, Jae-Hyuk}, 	
	journal={Langenbeck's archives of surgery}, 	
	volume={396}, 	
	number={7}, 	
	pages={1017--1026}, 	
	year={2011}, 	
	publisher={Springer} 
}

@book{cooper1992elements, 	
	title={Elements of human cancer}, 	
	author={Cooper, Geoffrey M}, 	
	year={1992}, 	
	publisher={Jones \& Bartlett Learning} 
}

@article{truninger2005immunohistochemical, 	
	title={Immunohistochemical analysis reveals high frequency of PMS2 defects in colorectal cancer}, 	
	author={Truninger, Kaspar and Menigatti, Mirco and Luz, Judith and Russell, Anna and Haider, Ritva and Gebbers, Jan-Olaf and Bannwart, Fridolin and Yurtsever, Hueseyin and Neuweiler, Joerg and Riehle, Hans-Martin and others}, 	
	journal={Gastroenterology}, 	
	volume={128}, 	
	number={5}, 	
	pages={1160--1171}, 	
	year={2005}, 	
	publisher={Elsevier} 
}

@article{fedele2014navigating, 	
	title={Navigating the challenge of tumor heterogeneity in cancer therapy}, 	
	author={Fedele, Clare and Tothill, Richard W and McArthur, Grant A}, 	
	journal={Cancer discovery}, 	
	volume={4}, 	
	number={2}, 	
	pages={146--148}, 	
	year={2014}, 	
	publisher={AACR} 
}

@article{burrell2014tumour, 	
	title={Tumour heterogeneity and the evolution of polyclonal drug resistance}, 	
	author={Burrell, Rebecca A and Swanton, Charles}, 	
	journal={Molecular oncology}, 	
	volume={8}, 	
	number={6}, 	
	pages={1095--1111}, 	
	year={2014}, 	
	publisher={Elsevier} 
} 

@article{alberts2002molecular, 	
	title={Molecular biology of the cell 4th edition}, 	
	author={Alberts, Bruce and Johnson, Alexander and Lewis, Julian and Raff, Martin and Roberts, Keith and Walter, Peter}, 	
	journal={New York: Garland Science}, 	
	volume={1463}, 	
	year={2002} 
} 





